<record><leader>00000cas a2200000 a 4500</leader><controlfield tag="001">31146637</controlfield><controlfield tag="007">hd bfu---baaa</controlfield><controlfield tag="007">hd afu---bcca</controlfield><controlfield tag="008">940920d19401942ilusr n a     0   b0spa c</controlfield><datafield ind1=" " ind2=" " tag="010"><subfield code="a">sn 94056229 </subfield></datafield><datafield ind1=" " ind2=" " tag="040"><subfield code="a">NVG</subfield><subfield code="b">eng</subfield><subfield code="c">NVG</subfield><subfield code="d">OCLCQ</subfield><subfield code="d">OCLCF</subfield><subfield code="d">OCLCO</subfield><subfield code="d">OCL</subfield></datafield><datafield ind1=" " ind2=" " tag="042"><subfield code="a">pcc</subfield></datafield><datafield ind1=" " ind2=" " tag="043"><subfield code="a">e-cs---</subfield></datafield><datafield ind1="0" ind2="0" tag="245"><subfield code="a">Nuevas llegadas desde Checoslovaquia bajo la dominacio&#769;n nazi</subfield><subfield code="h">[microform].</subfield></datafield><datafield ind1=" " ind2=" " tag="260"><subfield code="a">Chicago, Ill. :</subfield><subfield code="b">Consejo Nacional Checoslovaco en Ame&#769;rica,</subfield><subfield code="c">1940-1942.</subfield></datafield><datafield ind1=" " ind2=" " tag="300"><subfield code="a">72 v.</subfield></datafield><datafield ind1=" " ind2=" " tag="310"><subfield code="a">2 nos. monthly,</subfield><subfield code="b">June 1940-Aug. 1942</subfield></datafield><datafield ind1=" " ind2=" " tag="321"><subfield code="a">Four nos. monthly,</subfield><subfield code="b">Jan.-May 1940</subfield></datafield><datafield ind1="0" ind2=" " tag="362"><subfield code="a">Informe no. 1-informe no. 72.</subfield></datafield><datafield ind1=" " ind2=" " tag="533"><subfield code="a">Microfilm.</subfield><subfield code="m">no. 1-72(1940-1942)</subfield><subfield code="b">[Lincoln, Neb.] :</subfield><subfield code="c">University of Nebraska-Lincoln Archives,</subfield><subfield code="d">1983.</subfield><subfield code="e">1 microfilm reel ; 35 mm.</subfield><subfield code="f">(Czech and other language serial titles issued outside Czechoslovakia between 1938 &amp; 1968 relating to Czechoslovakian affairs).</subfield></datafield><datafield ind1=" " ind2="0" tag="650"><subfield code="a">World War, 1939-1945</subfield><subfield code="z">Czechoslovakia</subfield><subfield code="v">Newspapers.</subfield></datafield><datafield ind1=" " ind2="0" tag="650"><subfield code="a">Czechs</subfield><subfield code="v">Newspapers.</subfield></datafield><datafield ind1=" " ind2="0" tag="651"><subfield code="a">Czechoslovakia</subfield><subfield code="x">Politics and government</subfield><subfield code="v">Newspapers.</subfield></datafield><datafield ind1="2" ind2="7" tag="611"><subfield code="a">World War (1939-1945)</subfield><subfield code="2">fast</subfield><subfield code="0">(OCoLC)fst01180924</subfield></datafield><datafield ind1=" " ind2="7" tag="650"><subfield code="a">Czechs.</subfield><subfield code="2">fast</subfield><subfield code="0">(OCoLC)fst00886455</subfield></datafield><datafield ind1=" " ind2="7" tag="650"><subfield code="a">Politics and government</subfield><subfield code="2">fast</subfield><subfield code="0">(OCoLC)fst01919741</subfield></datafield><datafield ind1=" " ind2="7" tag="651"><subfield code="a">Czechoslovakia.</subfield><subfield code="2">fast</subfield><subfield code="0">(OCoLC)fst01212490</subfield></datafield><datafield ind1=" " ind2="7" tag="648"><subfield code="a">1939 - 1945</subfield><subfield code="2">fast</subfield></datafield><datafield ind1=" " ind2="7" tag="655"><subfield code="a">Newspapers.</subfield><subfield code="2">fast</subfield><subfield code="0">(OCoLC)fst01423814</subfield></datafield><datafield ind1="2" ind2=" " tag="710"><subfield code="a">Czechoslovak National Council of America.</subfield></datafield><datafield ind1=" " ind2=" " tag="752"><subfield code="a">United States</subfield><subfield code="b">Illinois</subfield><subfield code="c">Cook</subfield><subfield code="d">Chicago.</subfield></datafield><datafield ind1="0" ind2="0" tag="785"><subfield code="t">Boleti&#769;n checoslovaco</subfield><subfield code="w">(DLC)sn 94056228</subfield></datafield><datafield ind1=" " ind2="0" tag="830"><subfield code="a">Czech and other language serial titles issued outside Czechoslovakia between 1938 &amp; 1968 relating to Czechoslovakian affairs.</subfield></datafield><datafield ind1="1" ind2=" " tag="029"><subfield code="a">AU@</subfield><subfield code="b">000011276797</subfield></datafield></record>